@article{smith2023,
  author  = {Smith, John and Brown, Alice},
  title   = {Advances in Machine Learning},
  journal = {Journal of AI Research},
  year    = {2023},
  volume  = {67},
  pages   = {145--178}
}

@book{knuth1984,
  author    = {Knuth, Donald E.},
  title     = {The TeXbook},
  publisher = {Addison-Wesley},
  year      = {1984}
}

@inproceedings{vaswani2017,
  author    = {Vaswani, Ashish and others},
  title     = {Attention is All You Need},
  booktitle = {NeurIPS},
  year      = {2017},
  pages     = {5998--6008}
}
