% Sample BibTeX Database
% SUZA LaTeX & AI Workshop
% Use with: \bibliographystyle{apalike} or {ieeetr} or {plain}
%           \bibliography{references}

% ==============================================================================
% JOURNAL ARTICLES
% ==============================================================================

@article{smith2023,
	author    = {Smith, John and Brown, Alice},
	title     = {Advances in Machine Learning for Natural Language Processing},	
	journal   = {Journal of Artificial Intelligence Research},
	year      = {2023},
	volume    = {67},
	number    = {2},
	pages     = {145--178},
	doi       = {10.1613/jair.1.12345},
	abstract  = {This paper surveys recent advances in machine learning approaches for natural language processing tasks.}
}

@article{jones2022,
	author    = {Jones, Michael and Wilson, Sarah},
	title     = {Deep Learning Applications in Healthcare},
	journal   = {Medical Informatics Journal},
	year      = {2022},
	volume    = {45},
	number    = {8},
	pages     = {892--915},
	month     = {August},
	doi       = {10.1016/j.medinfo.2022.08.003}
}

@article{brown2021,
	author    = {Brown, Robert and Taylor, Emma and Johnson, David},
	title     = {Sustainable Agriculture Practices in East Africa},
	journal   = {African Journal of Agricultural Research},
	year      = {2021},
	volume    = {16},
	number    = {4},
	pages     = {567--589},
	publisher = {Academic Journals}
}

@article{wilson2022,
	author    = {Wilson, Peter},
	title     = {Climate Change Impacts on Coastal Communities},
	journal   = {Environmental Science \& Technology},
	year      = {2022},
	volume    = {56},
	number    = {12},
	pages     = {7845--7862},
	doi       = {10.1021/acs.est.2c01234}
}

@article{taylor2020,
	author    = {Taylor, Jennifer and Anderson, Mark},
	title     = {Renewable Energy Solutions for Island Nations},
	journal   = {Energy Policy},
	year      = {2020},
	volume    = {142},
	pages     = {111523},
	doi       = {10.1016/j.enpol.2020.111523}
}

% ==============================================================================
% BOOKS
% ==============================================================================

@book{knuth1984,
	author    = {Knuth, Donald E.},
	title     = {The \TeX{}book},
	publisher = {Addison-Wesley Professional},
	year      = {1984},
	address   = {Reading, Massachusetts},
	edition   = {21st},
	isbn      = {0-201-13447-0}
}

@book{lamport1994,
	author    = {Lamport, Leslie},
	title     = {\LaTeX: A Document Preparation System},
	publisher = {Addison-Wesley Professional},
	year      = {1994},
	address   = {Reading, Massachusetts},
	edition   = {2nd},
	isbn      = {0-201-52983-1}
}

@book{goodfellow2016,
	author    = {Goodfellow, Ian and Bengio, Yoshua and Courville, Aaron},
	title     = {Deep Learning},
	publisher = {MIT Press},
	year      = {2016},
	address   = {Cambridge, Massachusetts},
	url       = {http://www.deeplearningbook.org}
}

@book{russell2020,
	author    = {Russell, Stuart and Norvig, Peter},
	title     = {Artificial Intelligence: A Modern Approach},
	publisher = {Pearson},
	year      = {2020},
	address   = {Upper Saddle River, New Jersey},
	edition   = {4th}
}

% ==============================================================================
% CONFERENCE PROCEEDINGS
% ==============================================================================

@inproceedings{vaswani2017,
	author    = {Vaswani, Ashish and Shazeer, Noam and Parmar, Niki and Uszkoreit, Jakob and Jones, Llion and Gomez, Aidan N. and Kaiser, Lukasz and Polosukhin, Illia},
	title     = {Attention is All You Need},
	booktitle = {Advances in Neural Information Processing Systems 30},
	year      = {2017},
	pages     = {5998--6008},
	editor    = {Guyon, I. and Luxburg, U. Von and Bengio, S.},
	publisher = {Curran Associates, Inc.}
}

@inproceedings{krizhevsky2012,
	author    = {Krizhevsky, Alex and Sutskever, Ilya and Hinton, Geoffrey E.},
	title     = {ImageNet Classification with Deep Convolutional Neural Networks},
	booktitle = {Advances in Neural Information Processing Systems 25},
	year      = {2012},
	pages     = {1097--1105},
	editor    = {Pereira, F. and Burges, C. J. C. and Bottou, L. and Weinberger, K. Q.}
}

@inproceedings{devlin2019,
	author    = {Devlin, Jacob and Chang, Ming-Wei and Lee, Kenton and Toutanova, Kristina},
	title     = {BERT: Pre-training of Deep Bidirectional Transformers for Language Understanding},
	booktitle = {Proceedings of the 2019 Conference of the North American Chapter of the Association for Computational Linguistics},
	year      = {2019},
	pages     = {4171--4186},
	address   = {Minneapolis, Minnesota}
}

% ==============================================================================
% THESES AND DISSERTATIONS
% ==============================================================================

@phdthesis{mohamed2023,
	author  = {Mohamed, Fatma A.},
	title   = {Sustainable Tourism Development in Zanzibar: Challenges and Opportunities},
	school  = {State University of Zanzibar},
	year    = {2023},
	address = {Zanzibar, Tanzania},
	month   = {June}
}

@mastersthesis{hassan2022,
	author  = {Hassan, Ali M.},
	title   = {Mobile Applications for Small Business Management in Tanzania},
	school  = {State University of Zanzibar},
	year    = {2022},
	address = {Zanzibar, Tanzania},
	month   = {December}
}

@phdthesis{juma2021,
	author  = {Juma, Salma K.},
	title   = {Machine Learning Approaches to Swahili Natural Language Processing},
	school  = {University of Dar es Salaam},
	year    = {2021},
	address = {Dar es Salaam, Tanzania}
}

% ==============================================================================
% TECHNICAL REPORTS
% ==============================================================================

@techreport{who2023,
	author      = {{World Health Organization}},
	title       = {Global Health Observatory Data Repository},
	institution = {World Health Organization},
	year        = {2023},
	address     = {Geneva, Switzerland},
	type        = {Technical Report}
}

@techreport{worldbank2022,
	author      = {{World Bank}},
	title       = {Tanzania Economic Update: Navigating the Path to Recovery},
	institution = {World Bank Group},
	year        = {2022},
	number      = {15},
	address     = {Washington, DC}
}

% ==============================================================================
% WEB RESOURCES AND ONLINE SOURCES
% ==============================================================================

@online{overleaf2024,
	author  = {{Overleaf}},
	title   = {Learn \LaTeX{} in 30 Minutes},
	year    = {2024},
	url     = {https://www.overleaf.com/learn/latex/Learn_LaTeX_in_30_minutes},
	urldate = {2024-10-11}
}

@online{tensorflow2023,
	author  = {{TensorFlow}},
	title   = {TensorFlow Core Documentation},
	year    = {2023},
	url     = {https://www.tensorflow.org/api_docs},
	urldate = {2024-10-11}
}

@misc{openai2023,
	author = {{OpenAI}},
	title  = {GPT-4 Technical Report},
	year   = {2023},
	url    = {https://arxiv.org/abs/2303.08774},
	note   = {arXiv preprint arXiv:2303.08774}
}

% ==============================================================================
% BOOK CHAPTERS
% ==============================================================================

@incollection{lecun2015,
	author    = {LeCun, Yann and Bengio, Yoshua and Hinton, Geoffrey},
	title     = {Deep Learning},
	booktitle = {Nature},
	year      = {2015},
	volume    = {521},
	pages     = {436--444},
	publisher = {Nature Publishing Group},
	doi       = {10.1038/nature14539}
}

@incollection{bishop2016,
	author    = {Bishop, Christopher M.},
	title     = {Pattern Recognition and Machine Learning},
	booktitle = {Information Science and Statistics},
	year      = {2016},
	publisher = {Springer},
	address   = {New York}
}

% ==============================================================================
% MISC ENTRIES (for sources that don't fit other categories)
% ==============================================================================

@misc{zanzibar2024,
	author       = {{Revolutionary Government of Zanzibar}},
	title        = {Zanzibar Vision 2050},
	howpublished = {Government Policy Document},
	year         = {2024},
	note         = {Ministry of Finance and Planning}
}

@misc{dataset2023,
	author       = {Smith, Jane and Doe, John},
	title        = {Coral Reef Biodiversity Dataset: Western Indian Ocean},
	year         = {2023},
	howpublished = {Zenodo},
	doi          = {10.5281/zenodo.7654321},
	note         = {Data collected 2020-2022}
}

% ==============================================================================
% TANZANIAN AND REGIONAL SOURCES
% ==============================================================================

@article{muhaji2022,
	author    = {Muhaji, Khamis and Makame, Omar},
	title     = {Information Technology Education in Zanzibar: Current State and Future Directions},
	journal   = {East African Journal of Education and Technology},
	year      = {2022},
	volume    = {8},
	number    = {1},
	pages     = {34--56}
}

@book{shivji2008,
	author    = {Shivji, Issa G.},
	title     = {Pan-Africanism or Pragmatism? Lessons of the Tanganyika-Zanzibar Union},
	publisher = {Mkuki na Nyota Publishers},
	year      = {2008},
	address   = {Dar es Salaam, Tanzania}
}

@inproceedings{msuya2021,
	author    = {Msuya, John and Kivaisi, Amelia},
	title     = {Digital Transformation in Tanzanian Higher Education},
	booktitle = {Proceedings of the African Conference on E-Learning},
	year      = {2021},
	pages     = {112--125},
	address   = {Nairobi, Kenya}
}

% ==============================================================================
% STANDARDS AND SPECIFICATIONS
% ==============================================================================

@manual{ieee2015,
	title        = {IEEE Standard for Floating-Point Arithmetic},
	organization = {IEEE},
	year         = {2015},
	number       = {754-2015},
	address      = {New York, NY}
}

@manual{iso2013,
	title        = {ISO/IEC 25010:2011 Systems and Software Engineering},
	organization = {International Organization for Standardization},
	year         = {2013},
	address      = {Geneva, Switzerland}
}

% ==============================================================================
% SOFTWARE AND TOOLS
% ==============================================================================

@misc{python2024,
	author  = {{Python Software Foundation}},
	title   = {Python Programming Language, Version 3.12},
	year    = {2024},
	url     = {https://www.python.org},
	urldate = {2024-10-11}
}

@misc{rstudio2023,
	author  = {{RStudio Team}},
	title   = {RStudio: Integrated Development Environment for R},
	year    = {2023},
	address = {Boston, MA},
	url     = {http://www.rstudio.com}
}

% ==============================================================================
% NOTES ON BIBTEX USAGE:
% ==============================================================================
% 
% 1. Citation Keys: Use descriptive keys like author-year format
% 2. Required Fields: Vary by entry type (see LaTeX documentation)
% 3. Optional Fields: Include doi, url, abstract when available
% 4. Special Characters: Use {} to protect capitals, e.g., {NASA}
% 5. Accents: Use \'e for é, \`a for à, etc.
% 6. Multiple Authors: Separate with "and"
% 7. Organization Authors: Use double braces {{WHO}}
% 8. URLs: Use \url{} command in document, store as plain text in .bib
% 
% Common Entry Types:
% - @article: Journal or magazine article
% - @book: Published book
% - @inproceedings/@conference: Conference paper
% - @phdthesis/@mastersthesis: Thesis or dissertation
% - @techreport: Technical report or white paper
% - @online/@misc: Web resources or other sources
% - @incollection: Chapter or section of a book
% - @manual: Technical documentation
%
% Always verify citations are accurate before submission!
% ==============================================================================