@article{pallathadka2023classification,
  title={Classification and prediction of student performance data using various machine learning algorithms},
  author={Pallathadka, Harikumar and Wenda, Alex and Ramirez-As{\'\i}s, Edwin and As{\'\i}s-L{\'o}pez, Maximiliano and Flores-Albornoz, Judith and Phasinam, Khongdet},
  journal={Materials today: proceedings},
  volume={80},
  pages={3782--3785},
  year={2023},
  publisher={Elsevier}
}

@article{alamri2021explainable,
  title={Explainable student performance prediction models: a systematic review},
  author={Alamri, Rahaf and Alharbi, Basma},
  journal={Ieee Access},
  volume={9},
  pages={33132--33143},
  year={2021},
  publisher={IEEE}
}
